@inproceedings{ahmed2013distributed,
 author = {Ahmed, Amr and Shervashidze, Nino and Narayanamurthy, Shravan and Josifovski, Vanja and Smola, Alexander J},
 booktitle = {Proceedings of the 22nd international conference on World Wide Web},
 pages = {37--48},
 title = {Distributed large-scale natural graph factorization},
 year = {2013}
}