 @article{rizzi_1976, title={Ristrutturazione}, volume={1}, number={1}, journal={Rivista di Grammatica Generativa}, author={Rizzi, Luigi}, year={1976}, pages={1â€“54}} 
